@book{Hal:10,
	author={D. Halliday, R. Resnick, J. Walker},
	title={Fundamentals of Physics 9th ed.},
	publisher={John Wiley \& Sons},
	year={2010},
	address={USA},
}

@book{Mat:04,
	author={John. H. Mathews Kurtis D. Fink},
	title={Numerical methods using Matlab 4th ed.},
	publisher={Pearson},
	year={2004},
}